@inproceedings{GRR09,
  author    = {Roberto Grossi and
               Alessio Orlandi and
               Rajeev Raman and
               S. Srinivasa Rao},
  title     = {More Haste, Less Waste: Lowering the Redundancy in Fully
               Indexable Dictionaries},
  booktitle = {STACS},
  year      = {2009},
  pages     = {517-528},
}
@article{FG99,
  author    = {Paolo Ferragina and
               Roberto Grossi},
  title     = {The String B-tree: A New Data Structure for String Search
               in External Memory and Its Applications},
  journal   = {J. ACM},
  volume    = {46},
  number    = {2},
  year      = {1999},
  pages     = {236-280},
}

