%% --------------------------------------------------------------
%% general
%% --------------------------------------------------------------
@preamble{"\newcommand{\SortNoop}[1]{}"}

@string{and = " and " }       %% concatenation of authors
@string{proc = "Proc. " }     %% Proceedings

@string{jan = "January" }     %% publication months
@string{feb = "February" }
@string{mar = "March" }
@string{apr = "April" }
@string{may = "May" }
@string{jun = "June" }
@string{jul = "July" }
@string{aug = "August" }
@string{sep = "September" }
@string{oct = "October" }
@string{nov = "November" }
@string{dec = "December" }

@string{first = "1st" }       %% book editions
@string{second = "2nd" }
@string{third = "3rd" }
@string{fourth = "4th" }
@string{fifth = "5th" }
@string{sixth = "6th" }
@string{seventh = "7th" }
@string{eighth = "8th" }
@string{ninth = "9th" }
@string{tenth = "10th" }


%% --------------------------------------------------------------
%% authors
%% --------------------------------------------------------------

@string{NameF = "Firstname Name"}


%% --------------------------------------------------------------
%% publishers
%% --------------------------------------------------------------


@string{acm-press = "ACM" }
@string{acad = " Academic Press" }
@string{ad-wes = "Addison-Wesley" }
@string{ak-ver = "Akademie-Verlag" }
@string{ams = "American Mathematical Society" }
@string{teubner = "B. G. Teubner" }
@string{birkh = "Birkh{\"a}user-Verlag" }
@string{crc = "CRC Press" }
@string{camb-u-p = "Cambridge University Press" }
@string{cs = "Computer Science Press" }
@string{dover = "Dover Publications" }
@string{elsevier = "Elsevier" }
@string{ieee-cs = "IEEE Computer Society" }
@string{ieee = "IEEE" }
@string{jai = "JAI Press" }
@string{wiley = "John Wiley \& Sons" }
@string{kluwer = "Kluwer" }
@string{mit = "MIT Press" }
@string{math-as-am = "Mathematical Association of America" }
@string{mcgraw-hill = "McGraw-Hill" }
@string{morgan-k = "Morgan-Kaufmann" }
@string{north-h = "North-Holland" }
@string{oxford = "Oxford University Press" }
@string{pergamon = "Pergamon Press" }
@string{prentice = "Prentice Hall" }
@string{princeton = "Princeton University Press" }
@string{siam = "SIAM" }
@string{simon = "Simon \& Schuster" }
@string{springer = "Springer Verlag" }
@string{vieweg = "Verlag Vieweg" }
@string{freeman = "W. H. Freeman" }
@string{wiley-inter = "Wiley-Interscience" }
@string{world = "World Scientific Publishing" }

%% --------------------------------------------------------------
%% journals and conference proceedings
%% --------------------------------------------------------------

@string{algorithmica = "Algorithmica" }
@string{cgta = "Comput. Geom. Theory Appl." } %(CGTA)
@string{siggraph = "Comput. Graph." } % (SIGGRAPH)
@string{dcg = "Discrete Comput. Geom." } % (DCG)
%% @string{icalp = " ICALP"} %(ICALP)
@string{icalp = " Internat. Colloq. Automata Lang. Program. (ICALP)"} %(ICALP)
@string{ipl = "Inform. Process. Lett." } % (IPL)
@string{ijcga = "Internat. J. Comput. Geom. Appl." } % (IJCGA)
@string{jacm = "J. ACM" }
@string{jalg = "J. Algorithms" }
@string{jocg = "J. of  Computational Geometry" }
@string{infcomp = "Inform. and Comput." }
@string{jcss = "J. Comput. System Sci." }
%% @string{soda = " SODA" } %(SODA)
@string{soda = " Annu. ACM-SIAM Sympos. Discrete Algorithms (SODA)" } %(SODA)
@string{scg = " Annu. Sympos. Comput. Geom. (SoCG)" } % (SCG)
@string{scg2 = " Int. Sympos. Comput. Geom. (SoCG)" } % (SCG)
%%@string{stoc = " STOC" } % (STOC)
@string{stoc = " Annu. ACM Sympos. Theory Comput. (STOC)" } % (STOC)
%% @string{esa = " ESA" } % (ESA)
@string{esa = " Annu. European Sympos. Algorithms (ESA)" } % (ESA)
%%@string{focs = " FOCS" } % (FOCS)
@string{focs = " Annu. IEEE Sympos. Found. Comput. Sci. (FOCS)" } % (FOCS)
@string{isaac = " Annu. Internat. Sympos. Algorithms Comput. (ISAAC)" } % (ISAAC)
@string{cccg = " Canad. Conf. Comput. Geom. (CCCG)" } % (CCCG)
@string{ewcg = " European Workshop Comput. Geom. (EWCG)" } % (EWCG)
@string{tcs = "Theoret. Comput. Sci." } % (TCS)
@string{sicomp = "SIAM J. Comput."}
@string{stacs = " Sympos. Theoret. Aspects Comput. Sci. (STACS)"} % (STACS)
@string{lncs = "Lecture Notes in Computer Science"} % (LNCS)
@string{alenex = "Workshop on Algorithm Engineering and Experiments (ALENEX)"} %ALENEX
@string{sjcc = "AFIPS Spring Joint Computer Conferences" }
@string{talg = "ACM Transactions on Algorithms" }
@string{cacm = "Commun. ACM" }
@string{nordic = "Nordic J. Comput." }
@string{latin = " Latin American Symp. Theoretical Inf. (LATIN)"}
@string{fun = "Internat. Conf. Fun w. Algorithms (FUN)"}

@inproceedings{ChazelleKiRuTa04,
  author    = {Bernard Chazelle and
               Joe Kilian and
               Ronitt Rubinfeld and
               Ayellet Tal},
  title     = {The {B}loomier filter: an efficient data structure 
  for static support lookup tables},
  booktitle = proc # "15th" # soda,
  pages     = {30--39},
  year      = {2004},
}

@article{vEmdeBoasKaZi76,
    AUTHOR = {{\SortNoop{Emde Boas}}van Emde Boas, P. and Kaas, R. and
    Zijlstra, E.},
     TITLE = {Design and implementation of an efficient priority queue},
   JOURNAL = {Math. Systems Theory},
    VOLUME = {10},
      YEAR = {1976},
    NUMBER = {2},
     PAGES = {99--127},
      ISSN = {0025-5661},
}

@article{vEmdeBoas77,
  author    = {{\SortNoop{Emde Boas}}van Emde Boas, Peter},
  title     = {Preserving Order in a Forest in Less Than Logarithmic Time
               and Linear Space},
  journal   = ipl,
  volume    = {6},
  number    = {3},
  year      = {1977},
  pages     = {80--82},
}

@article{BoseDoDuHoMo13,
  author    = {Prosenjit Bose and
               Karim Dou{\"{\i}}eb and
               Vida Dujmovic and
               John Howat and
               Pat Morin},
  title     = {Fast local searches and updates in bounded universes},
  journal   = cgta,
  volume    = {46},
  number    = {2},
  pages     = {181--189},
  year      = {2013},
}

@article{Pugh90,
  author    = {William Pugh},
  title     = {Skip Lists: A Probabilistic Alternative to Balanced Trees},
  journal   = cacm,
  volume    = {33},
  number    = {6},
  pages     = {668--676},
  year      = {1990},
}

@article{Johnson82,
  author    = {Donald B. Johnson},
  title     = {A Priority Queue in Which Initialization and 
  Queue Operations Take
               ${O}(\log \log {D})$ Time},
  journal   = {Math. Systems Theory},
  volume    = {15},
  number    = {4},
  pages     = {295--309},
  year      = {1982},
}

@techreport{vEmdeBoas13,
  author    = {{\SortNoop{Emde Boas}}van Emde Boas, Peter},
  title     = {Thirty nine years of stratified trees},
  number    = {PP-2013-16},
  institution = "Universiteit van Amsterdam. Institute for Logic, 
                 Language and Computation",
  year      = {2013},
}

@mastersthesis{Ehrhardt15,
  author = {Marcel Ehrhardt},
  title  = {An In-Depth Analysis of Data Structures Derived 
            from van-{E}mde-{B}oas-Trees},
  school = {Freie Universit\"at Berlin},
  year   = {2015},
  note   = {\texttt{http:// www.mi.fu-berlin.de/inf/groups/ag-ti/theses/download/Ehrhardt15.pdf}}
}

@inproceedings{BelazzouguiBoVi10,
  author    = {Djamal Belazzougui and
               Paolo Boldi and
               Sebastiano Vigna},
  title     = {Dynamic $Z$-Fast Tries},
  booktitle = proc # "17th" # " Int. Symp. String Processing and 
              Information Retrieval (SPIRE)",
  pages     = {159--172},
  year      = {2010},
}

@book{CormenLeRiSt09,
    AUTHOR = {Cormen, Thomas H. and Leiserson, Charles E. and Rivest, Ronald
              L. and Stein, Clifford},
     TITLE = {Introduction to algorithms},
   EDITION = {Third},
 PUBLISHER = mit,
      YEAR = {2009},
}

@inproceedings{DemaineMePaPa06,
  author    = {Erik D. Demaine and
               Friedhelm {Meyer auf der Heide} and
               Rasmus Pagh and
               Mihai P\v{a}tra\c{s}cu},
  title     = {De Dictionariis Dynamicis Pauco Spatio Utentibus},
  booktitle = proc # "7th" # latin,
  pages     = {349--361},
  year      = {2006},
}

@article{Ruzic09,
  author    = {Milan Ru\v{z}i\'{c}},
  title     = {Making deterministic signatures quickly},
  journal   = talg,
  volume    = {5},
  number    = {3},
  pages     = {26:1--26:26},
  year      = {2009},
}

@unpublished{Patrascu10,
  title = {{vEB} Space: Method 4},
  author = {P\v{a}tra\c{s}cu, Mihai},
  note = {\texttt{http://infoweekly.blogspot.de/ 2010/09/veb-space-method-4.html}},
  year = {2010},
}

@book{PreparateSh85,
    AUTHOR = {Preparata, Franco P. and Shamos, Michael Ian},
     TITLE = {Computational geometry. An introduction},
 PUBLISHER = springer,
      YEAR = {1985},
}

@book{Knuth98,
   AUTHOR = {Knuth, Donald E.},
   TITLE = {The art of computer programming. {V}ol. 3. Sorting and searching},
   Edition = "Second",
   PUBLISHER = ad-wes,
   YEAR = {1998},
}


@article{DemaineHaIaPa07,
  author    = {Erik D. Demaine and
               Dion Harmon and
               John Iacono and
               Mihai P\v{a}tra\c{s}cu},
  title     = {Dynamic Optimality -- Almost},
  journal   = sicomp,
  volume    = {37},
  number    = {1},
  pages     = {240--251},
  year      = {2007},
}

@inproceedings{Chan02,
  author    = {Timothy M. Chan},
  title     = {Closest-point problems simplified on the {RAM}},
  booktitle = proc # "13th" # soda,
  pages     = {472--473},
  year      = {2002},
}

@book{HarPeled11,
    AUTHOR = {Har-Peled, Sariel},
     TITLE = {Geometric approximation algorithms},
    SERIES = {Mathematical Surveys and Monographs},
    VOLUME = {173},
 PUBLISHER = ams,
      YEAR = {2011},
}

@article{Overmars88,
  author    = {Mark H. Overmars},
  title     = {Efficient Data Structures for Range Searching on a Grid},
  journal   = jalg,
  volume    = {9},
  number    = {2},
  pages     = {254--275},
  year      = {1988},
}

@unpublished{BelazzougiBoVi12,
  author    = {Djamal Belazzougui and
               Paolo Boldi and
               Sebastiano Vigna},
  title     = {Predecessor search with distance-sensitive query time},
  note    = {\texttt{arXiv:1209.5441}},
  year      = {2012},
}

@inproceedings{PatrascuTh06,
  author    = {Mihai P\v{a}tra{\c{s}}cu and
               Mikkel Thorup},
  title     = {Time-space trade-offs for predecessor search},
  booktitle = proc # "38th" # stoc,
  pages     = {232--240},
  year      = {2006},
}

@inproceedings{PatrascuTh07,
  author    = {Mihai P\v{a}tra\c{s}cu and
               Mikkel Thorup},
  title     = {Randomization does not help searching predecessors},
  booktitle = proc # "18th" # soda,
  pages     = {555--564},
  year      = {2007},
}

@article{Willard83,
  author    = {Dan E. Willard},
  title     = {Log-Logarithmic Worst-Case Range Queries are Possible in 
  Space $\Theta(N)$},
  journal   = ipl,
  volume    = {17},
  number    = {2},
  pages     = {81--84},
  year      = {1983},
}

@book{AroraBa09,
  author    = {Sanjeev Arora and
               Boaz Barak},
  title     = {Computational Complexity---{A} Modern Approach},
  publisher = camb-u-p,
  year      = {2009},
}

@article{FredmanWi93,
  author    = {Michael L. Fredman and
               Dan E. Willard},
  title     = {Surpassing the Information Theoretic Bound with Fusion Trees},
  journal   = jcss,
  volume    = {47},
  number    = {3},
  pages     = {424--436},
  year      = {1993},
}

@phdthesis{Patrascu08,
  author    = {Mihai P\v{a}tra\c{s}cu},
  title     = {Lower bound techniques for data structures},
  school =    {Massachusetts Institute of Technology},
  year      = {2008},
}


@article{AnderssonTh07,
  author    = {Arne Andersson and
               Mikkel Thorup},
  title     = {Dynamic ordered sets with exponential search trees},
  journal   = jacm,
  volume    = {54},
  number    = {3},
  pages     = {13},
  year      = {2007},
}

@article{BilleLaRaSaSaWe15,
  author    = {Philip Bille and
               Gad M. Landau and
               Rajeev Raman and
               Kunihiko Sadakane and
               Srinivasa Rao Satti and
               Oren Weimann},
  title     = {Random Access to Grammar-Compressed Strings and Trees},
  journal   = sicomp,
  volume    = {44},
  number    = {3},
  pages     = {513--539},
  year      = {2015},
}

@inproceedings{BelazzouguiBoPaVi09,
  author    = {Djamal Belazzougui and
               Paolo Boldi and
               Rasmus Pagh and
               Sebastiano Vigna},
  title     = {Monotone minimal perfect hashing: searching a 
  sorted table with ${O}(1)$ accesses},
  booktitle = proc # "20th" # soda,
  pages     = {785--794},
  year      = {2009},
}

@article{BelazzouguiBoPaVi11,
  author    = {Djamal Belazzougui and
               Paolo Boldi and
               Rasmus Pagh and
               Sebastiano Vigna},
  title     = {Theory and practice of monotone minimal perfect hashing},
  journal   = {{ACM} Journal of Experimental Algorithmics},
  volume    = {16},
  year      = {2011},
}

@inproceedings{BelazzouguiBoPaVi11b,
  author    = {Djamal Belazzougui and
               Paolo Boldi and
               Rasmus Pagh and
               Sebastiano Vigna},
  title     = {Fast Prefix Search in Little Space, with Applications},
  booktitle = proc # "18th" # esa,
  pages     = {427--438},
  year      = {2010},
}

@inproceedings{DemaineJoPa04,
  author    = {Erik D. Demaine and
               Thouis R. Jones and
               Mihai P\v{a}tra\c{s}cu},
  title     = {Interpolation search for non-independent data},
  booktitle = proc # "15th" # soda,
  pages     = {529--530},
  year      = {2004},
}

@article{MehlhornNaAl88,
  author    = {Kurt Mehlhorn and
               Stefan N{\"{a}}her and
               Helmut Alt},
  title     = {A Lower Bound on the Complexity of the Union-Split-Find Problem},
  journal   = sicomp,
  volume    = {17},
  number    = {6},
  pages     = {1093--1102},
  year      = {1988},
}

@article{Mulzer09,
  author    = {Wolfgang Mulzer},
  title     = {A note on predecessor searching in the pointer machine model},
  journal   = ipl,
  volume    = {109},
  number    = {13},
  pages     = {726--729},
  year      = {2009},
}

@article{FurstSaSi84,
  author    = {Merrick L. Furst and
               James B. Saxe and
               Michael Sipser},
  title     = {Parity, Circuits, and the Polynomial-Time Hierarchy},
  journal   = {Mathematical Systems Theory},
  volume    = {17},
  number    = {1},
  pages     = {13--27},
  year      = {1984},
}
